@misc{opthub,
author = {Ceschia, S},
title = {opthub.uniud.it},
year = {2016}
}

@article{gent_walsh,
author={Gent, I. P. and Walsh, T.},
journal={Springer},
title={CSPLib : a benchmark library fr constraints},
year={1999},
pages = {480-481}
}

@article{pochet_wolsey,
author={Pochet, Y. and Wolsey, L. A.},
journal={Springer Science and Business Media},
title={Production planning by mixed integer programming},
year={2006},
}

@article{hvr_stockingCost,
author={Houndji, N. R. and Wolsey, P. and Schaus, R. and Deville, Y.},
journal={Principles and Practice of Constraint Programming - CP},
title={The StockingCost constraint},
year={2014},
pages={382-397},
}

@article{drexl_kimms,
author={Drexl, A. and Kimms A.},
journal={Lot sizing and scheduling - survey and extensions},
title={Single item lot sizing problems},
year={1997},
pages={221-235},
}

@article{brahimi,
author={Brahimi, N. and DAUZERE-PERES, S. and NAJID, N. and NORDILI, A.},
journal={European journal of Operational Research 168},
title={Single item lot sizing problems},
year={2006},
pages={1-16},
}

@article{karimi,
author={KARIMI, B. and FATEMI GHOMI, S. and WILSON, J.},
journal={European journal of Operational Research 168},
title={Single item lot sizing problems},
year={2006},
pages={1-16},
volume={1}
}

@article{fleischmann,
author={Fleischmann, B.},
journal={European Journal of Operational Research 44},
title={The discrete lot-sizing and scheduling problem},
year={1990},
pages={337-348},
}

@article{drexl_haase,
author={Drexl, A. and Haase, K.},
journal={International Journal of Production Economics 40},
title={Proportional lot-sizing and scheduling},
year={1995},
pages={73-87},
}

@article{wagner_whitin,
author={Wagner, H. and Whitin, T.},
journal={Management Science 5},
title={Dynamic version of the economic lot size
model},
year={1958},
pages={89-96},
}

@article{drexl_kimms2,
author={Drexl, A. and Kimms, A.},
journal={Networks 32},
title={A proportional lot-sizing and scheduling : Some extensions},
year={1998},
pages={85-101},
}

@article{kimms,
author={Kimms, A.},
journal={Working Paper 414},
title={Improved lower bounds for the propertional lot-sizing and scheduling problem},
year={1996},
pages={85-101},
}

@article{kimms2,
author={Kimms, A.},
journal={Computers and Operations Research 26},
title={Genetic algorithms for multi-level, multi-machine lot-sizing and scheduling},
year={1999},
pages={829-848},
}

@article{fleischmann_meyr,
author={Fleischmann, B. and Meyr, H.},
journal={OR Spektrum 19},
title={The general lot-sizing and scheduling problem},
year={1997},
pages={11-21},
}

@article{meyr,
author={Fleischmann, B. and Meyr, H.},
journal={European Journal of Operational Research 120},
title={Simultaneous lotsizing and scheduling by combining local search
with dual reoptimization},
year={2000},
pages={311-326},
}

@article{manne,
author={Manne, A.},
journal={Management Science 4},
title={Programming of economic lot sizes},
year={1958},
pages={115-135},
}

@article{miller_wolsey,
author={Miller, A. J. Wolsey, L. A.},
journal={Operations Research 51},
title={Tight MIP formulation for multi-item
discrete lot-sizing problems},
year={2003},
pages={557-565},
}


@article{gicquel_minoux_dallery,
author={Gicquel, C. and Minoux, M. and Dallery, Y.},
journal = {Operations Research Letters 37},
title={On the discrete lot-sizing and
scheduling problem with sequence-dependent changeover times},
year={2009},
pages={32-36},
}

@article{gicquel_miegeville_minoux_dallery,
author={Gicquel, C. and Miègeville, N. and Minoux, M. and Dallery, Y.},
journal = {Computers and Operations Research 36},
title={Discrete lot sizing
and scheduling using product decomposition into attributes},
year={2009},
pages={2690-2698},
}

@article{wolsey,
author={Wolsey, L.},
journal = {Management Science 48},
title={Solving multi-item lot-sizing problems with an mip solver
using classification and reformulation},
year={2002},
pages={1587-1602},
}

@article{ceschia,
author={Ceschia, S. and Di Gaspero, L. and Schaerf, A.},
journal = {Computers and Operations Research},
title={Solving Discrete Lot-Sizing and Scheduling by
Simulated Annealing},
year={2016},
pages={8-9},
}

@article{suer,
author={Mirshekarian, S. and Gürsel A. S.},
title={Experimental study of seeding in genetic algorithms with non-binary
genetic representation},
year={2014},
}

@article{johnson,
author={Johnson, D. S. and Aragon, C. R. and McGeoch, L. A. and Schevon, C.},
title={Optimization by simulated annealing: an experimental evaluation; part I, graph
partitioning},
journal = {Operations Research 37},
year={2014},
pages = {865-892}
}

@phdthesis{houndji,
author={Houndji, H. V.},
title={Deux Problèmes de Planification de Production : Formulations et
Résolution par Programmation en Nombres Entiers et par
Programmation par Contraintes},
year={2013},
school = {Université catholique de Louvain},
}