@misc{opthub,
author = {Ceschia, S},
title = {opthub.uniud.it},
year = {2016}
}

@article{gent_walsh,
author={Gent, I. P. and Walsh, T.},
journal={Springer},
title={CSPLib : a benchmark library fr constraints},
year={1999},
pages = {480-481}
}

@article{pochet_wolsey,
author={Pochet, Y. and Wolsey, L. A.},
journal={Springer Science and Business Media},
title={Production planning by mixed integer programming},
year={2006},
}

@article{hvr_stockingCost,
author={Houndji, N. R. and Wolsey, P. and Schaus, R. and Deville, Y.},
journal={Principles and Practice of Constraint Programming - CP},
title={The StockingCost constraint},
year={2014},
pages={382-397},
}

@article{drexl_kimms,
author={Drexl, A. and Kimms A.},
journal={Lot sizing and scheduling - survey and extensions},
title={Single item lot sizing problems},
year={1997},
pages={221-235},
}

@article{brahimi,
author={Brahimi, N. and DAUZERE-PERES, S. and NAJID, N. and NORDILI, A.},
journal={European journal of Operational Research 168},
title={Single item lot sizing problems},
year={2006},
pages={1-16},
}

@article{karimi,
author={KARIMI, B. and FATEMI GHOMI, S. and WILSON, J.},
journal={European journal of Operational Research 168},
title={Single item lot sizing problems},
year={2006},
pages={1-16},
volume={1}
}

@article{fleischmann,
author={Fleischmann, B.},
journal={European Journal of Operational Research 44},
title={The discrete lot-sizing and scheduling problem},
year={1990},
pages={337-348},
}

@article{drexl_haase,
author={Drexl, A. and Haase, K.},
journal={International Journal of Production Economics 40},
title={Proportional lot-sizing and scheduling},
year={1995},
pages={73-87},
}

@article{wagner_whitin,
author={Wagner, H. and Whitin, T.},
journal={Management Science 5},
title={Dynamic version of the economic lot size
model},
year={1958},
pages={89-96},
}

@article{drexl_kimms2,
author={Drexl, A. and Kimms, A.},
journal={Networks 32},
title={A proportional lot-sizing and scheduling : Some extensions},
year={1998},
pages={85-101},
}

@article{kimms,
author={Kimms, A.},
journal={Working Paper 414},
title={Improved lower bounds for the propertional lot-sizing and scheduling problem},
year={1996},
pages={85-101},
}

@article{kimms2,
author={Kimms, A.},
journal={Computers and Operations Research 26},
title={Genetic algorithms for multi-level, multi-machine lot-sizing and scheduling},
year={1999},
pages={829-848},
}

@article{fleischmann_meyr,
author={Fleischmann, B. and Meyr, H.},
journal={OR Spektrum 19},
title={The general lot-sizing and scheduling problem},
year={1997},
pages={11-21},
}

@article{meyr,
author={Fleischmann, B. and Meyr, H.},
journal={European Journal of Operational Research 120},
title={Simultaneous lotsizing and scheduling by combining local search
with dual reoptimization},
year={2000},
pages={311-326},
}

@article{manne,
author={Manne, A.},
journal={Management Science 4},
title={Programming of economic lot sizes},
year={1958},
pages={115-135},
}

@article{miller_wolsey,
author={Miller, A. J. Wolsey, L. A.},
journal={Operations Research 51},
title={Tight MIP formulation for multi-item
discrete lot-sizing problems},
year={2003},
pages={557-565},
}


@article{gicquel_minoux_dallery,
author={Gicquel, C. and Minoux, M. and Dallery, Y.},
journal = {Operations Research Letters 37},
title={On the discrete lot-sizing and
scheduling problem with sequence-dependent changeover times},
year={2009},
pages={32-36},
}

@article{gicquel_miegeville_minoux_dallery,
author={Gicquel, C. and Miègeville, N. and Minoux, M. and Dallery, Y.},
journal = {Computers and Operations Research 36},
title={Discrete lot sizing
and scheduling using product decomposition into attributes},
year={2009},
pages={2690-2698},
}

@article{wolsey,
author={Wolsey, L.},
journal = {Management Science 48},
title={Solving multi-item lot-sizing problems with an mip solver
using classification and reformulation},
year={2002},
pages={1587-1602},
}

@unpublished{ceschia,
author={Ceschia, S. and Di Gaspero, L. and Schaerf, A.},
title={Solving Discrete Lot-Sizing and Scheduling by
Simulated Annealing},
year={2016},
}

@unpublished{suer,
author={Mirshekarian, S. and Gürsel A. S.},
title={Experimental study of seeding in genetic algorithms with non-binary
genetic representation},
year={2014},
note = {Seeding GA}
}

@article{johnson,
author={Johnson, D. S. and Aragon, C. R. and McGeoch, L. A. and Schevon, C.},
title={Optimization by simulated annealing: an experimental evaluation; part I, graph
partitioning},
journal = {Operations Research 37},
year={2014},
pages = {865-892}
}

@phdthesis{houndji,
author={Houndji, H. V.},
title={Deux Problèmes de Planification de Production : Formulations et
Résolution par Programmation en Nombres Entiers et par
Programmation par Contraintes},
year={2013},
school = {Université catholique de Louvain},
}

@article{Syswerda,
author={Syswerda, G.},
title={Schedule optimization using genetic algorithm},
journal = {Handbook of Genetic algorithm},
year={1991},
pages = {332-348}
}

@article{jawahar,
author={Jawahar, N. and ARAVINDAN, S. and PONNAMBALAM, G.},
title={A genetic algorithm for scheduling flexible manufacturing systems},
journal = {internation journal of advanced manufacturing technology},
year={1998},
pages = {588-607}
}

@article{davis,
author={Davis, L.},
title={Job-shop scheduling problems using genetic algorithms},
journal = {Computers industrial Engeneering},
year={1996},
pages = {983-997}
}

@article{boukef,
author={BOUKEF, H. and BENREJEB, M. and BORNE, P.},
title={A proposed genetic algorithm coding for flow-shop scheduling problems},
journal = {International journal of computers},
year={2007},
pages = {229-240}
}

@article{cavalieri,
author={Cavalieri, S. and caiardelli, P.},
title={Hybrid genetic algorithms for a multiple-objective scheduling problem},
journal = {Journal of Intelligent manufacturing},
year={1998},
pages = {361-367}
}

@article{Goncalves,
author={Gonçalves, J. F. and de Magalhaes Mendes, J. J.},
title={A hybrid genetic algorithm for the job shop scheduling problem},
journal = {European journal of Operational research},
year={2005},
pages = {10-11}
}

@phdthesis{cathy,
author={Wolosewicz, C.},
title={Approche intégrée en planification et ordonnancement de la production},
school = {Ecole Nationale Supérieure des Mines de Saint-Etienne},
year={2008}
}

@phdthesis{ratheil_master,
author={Houndji, V. R.},
title={Deux Problèmes de Planification de Production : Formulations et
Résolution par Programmation en Nombres Entiers et par
Programmation par Contraintes},
school = {Ecole Polytechnique de Louvain},
year={2013}
}

@unpublished{povinelli,
author={POVINELLI, J. R. AND FENG, X.},
title={IMPROVING GENETIC ALGORITHMS PERFORMANCE BY HASHING
FITNESS VALUES},
year={1998}
}

@unpublished{denny,
author={Hermawanto, D.},
title={Genetic Algorithm for Solving Simple Mathematical Equality Problem},
}

@article{cant,
author={Cantu-Paz, E.},
title={Implementing	Fast	and	Flexible	Parallel
Genetic	Algorithms},
year = {1999}
}

@article{cant2,
author={Cantu-Paz, E.},
title={A Survey of Parallel Genetic Algorithms}
}

@article{nayak,
author={Nayak, R.K. and Mishra, B.S.P.},
title={Implementation of GPU using Fine-Grained
Parallel Genetic Algorithm},
journal = {International Journal of Computer Applications},
year = {2015}
}

@phdthesis{houndji_thesis,
author={Houndji, V. R.},
title={cost-based filtering algorithms for a
capacitated lot sizing problem and the
constrained arborescence problem},
school = {Université Catholique de Louvain},
year={2017}
}

@misc{wikipedia_python,
author = {Wikimedia Foundation .Inc},
title = {Python (langage)},
year = {2017},
note = {fr.wikipedia.org}
}

@article{dauzere,
author = {Brahimi, Nadjib and Dauzère-Pérès, Stéphane and Najid, Najib.M. and Nordli, Atle},
year = {2003},
month = {04},
pages = {},
title = {ETAT DE L'ART SUR LES PROBLEMES DE DIMENSIONNEMENT DES LOTS AVEC CONTRAINTES DE CAPACITE}
}

@article{holland1,
author = {Holland, J.H.},
year = {1975},
pages = {},
title = {Adaptation   in   natural   and artificial  system},
journal = {The  University of Michigan Press}
}

@article{holland2,
author = {Goldberg, D.E. and Holland, J.H.},
year = {1989},
pages = {235-282},
title = {Classifier  Systems  and  Genetic  Algorithms},
journal = {The  University of Michigan Press}
}
